<?xml version="1.0" encoding="UTF-8"?><collection xmlns="http://www.loc.gov/MARC21/slim"><record><leader>00679nam--2200193-i-4500</leader><controlfield tag="001">000017195</controlfield><controlfield tag="002">20161230</controlfield><controlfield tag="005">20161230201032</controlfield><controlfield tag="008">060222s1000------------r-----000-0-eng-d</controlfield><datafield ind1=" " ind2=" " tag="040"><subfield code="a">IFIN-HH</subfield></datafield><datafield ind1=" " ind2=" " tag="080"><subfield code="a">519.216:53(061.3)</subfield></datafield><datafield ind1="1" ind2=" " tag="100"><subfield code="a">Gomez, B</subfield></datafield><datafield ind1="1" ind2="0" tag="245"><subfield code="a">Stochastic processes applied to physics and other related fields. proceedings of the escuela latinoamericana de fisica 1982. cali, colombia 21 june - 9 july 1982</subfield><subfield code="c">B. gomez, s.m. moore, a.m. rodriguez-vargas, a. reuda (eds.)</subfield></datafield><datafield ind1=" " ind2=" " tag="260"><subfield code="a">Singapore</subfield><subfield code="b">World Scientific</subfield><subfield code="c">1983</subfield></datafield><datafield ind1=" " ind2=" " tag="300"><subfield code="a">XXV+781P</subfield></datafield><datafield ind1=" " ind2=" " tag="490"><subfield code="a">Acif Series - Volume I</subfield></datafield><datafield ind1="1" ind2=" " tag="700"><subfield code="a">Reuda, A</subfield><subfield code="e">Ed</subfield></datafield><datafield ind1=" " ind2=" " tag="852"><subfield code="a">80114</subfield><subfield code="c">53</subfield></datafield><datafield ind1=" " ind2=" " tag="CAT"><subfield code="a">Sys</subfield><subfield code="c">20151009</subfield><subfield code="h">102025</subfield></datafield></record></collection>